@article{elliot2015color,
	author    = {Elliot, Andrew J.},
	title     = {Color and psychological functioning: a review of theoretical and empirical work},
	journal   = {Frontiers in Psychology},
	year      = {2015},
	volume    = {6},
	pages     = {368},
	month     = {Apr},
	doi       = {10.3389/fpsyg.2015.00368},
	pmid      = {25883578},
	pmcid     = {PMC4383146},
	url       = {https://doi.org/10.3389/fpsyg.2015.00368},
	note      = {Accessed: 2024-11-10, Available at: https://pmc.ncbi.nlm.nih.gov/articles/PMC4383ss146},
}
